<record><leader>00000cas a2200000 a 4500</leader><controlfield tag="001">15602083</controlfield><controlfield tag="008">870428d19641974iaudn ne      0    0eng c</controlfield><datafield ind1=" " ind2=" " tag="010"><subfield code="a">sn 87058174 </subfield></datafield><datafield ind1=" " ind2=" " tag="040"><subfield code="a">INP</subfield><subfield code="b">eng</subfield><subfield code="c">INP</subfield><subfield code="d">DLC</subfield><subfield code="d">INP</subfield><subfield code="d">NVF</subfield><subfield code="d">OCLCQ</subfield><subfield code="d">OCLCF</subfield><subfield code="d">OCLCO</subfield></datafield><datafield ind1="1" ind2=" " tag="029"><subfield code="a">AU@</subfield><subfield code="b">000020459439</subfield></datafield><datafield ind1=" " ind2=" " tag="042"><subfield code="a">pcc</subfield></datafield><datafield ind1=" " ind2=" " tag="043"><subfield code="a">n-us-ia</subfield></datafield><datafield ind1="0" ind2="0" tag="050"><subfield code="a">Newspaper</subfield></datafield><datafield ind1="0" ind2=" " tag="130"><subfield code="a">Times-Democrat (Davenport, Iowa)</subfield></datafield><datafield ind1="1" ind2="0" tag="245"><subfield code="a">Times-Democrat.</subfield></datafield><datafield ind1="1" ind2=" " tag="246"><subfield code="i">Published on Sundays 1964-Oct. 1974 as:</subfield><subfield code="a">Sunday times-Democrat</subfield></datafield><datafield ind1="1" ind2=" " tag="246"><subfield code="i">Published on Saturdays 1964-Oct. 1974 as:</subfield><subfield code="a">Times-Democrat Saturday</subfield></datafield><datafield ind1=" " ind2=" " tag="250"><subfield code="a">Iowa ed.</subfield></datafield><datafield ind1=" " ind2=" " tag="260"><subfield code="a">Davenport-Bettendorf, Iowa :</subfield><subfield code="b">P.D. Adler and H.B. Hook,</subfield><subfield code="c">1964-1974.</subfield></datafield><datafield ind1=" " ind2=" " tag="300"><subfield code="a">v.</subfield></datafield><datafield ind1=" " ind2=" " tag="310"><subfield code="a">Daily (except Christmas),</subfield><subfield code="b">&lt;&gt;-Oct. 19, 1974</subfield></datafield><datafield ind1=" " ind2=" " tag="321"><subfield code="a">Daily,</subfield><subfield code="b">June 1, 1964-&lt;&gt;</subfield></datafield><datafield ind1="0" ind2=" " tag="362"><subfield code="a">June 1, 1964-Oct. 19, 1974.</subfield></datafield><datafield ind1=" " ind2=" " tag="500"><subfield code="a">Imprint varies.</subfield></datafield><datafield ind1=" " ind2=" " tag="515"><subfield code="a">Issues for June 1964- called 109th year-</subfield></datafield><datafield ind1=" " ind2="0" tag="651"><subfield code="a">Davenport (Iowa)</subfield><subfield code="v">Newspapers.</subfield></datafield><datafield ind1=" " ind2="0" tag="651"><subfield code="a">Bettendorf (Iowa)</subfield><subfield code="v">Newspapers.</subfield></datafield><datafield ind1=" " ind2="7" tag="655"><subfield code="a">Newspapers.</subfield><subfield code="2">fast</subfield><subfield code="0">(OCoLC)fst01423814</subfield></datafield><datafield ind1=" " ind2="7" tag="651"><subfield code="a">Iowa</subfield><subfield code="z">Bettendorf.</subfield><subfield code="2">fast</subfield><subfield code="0">(OCoLC)fst01215396</subfield></datafield><datafield ind1=" " ind2="7" tag="651"><subfield code="a">Iowa</subfield><subfield code="z">Davenport.</subfield><subfield code="2">fast</subfield><subfield code="0">(OCoLC)fst01207492</subfield></datafield><datafield ind1=" " ind2=" " tag="752"><subfield code="a">United States</subfield><subfield code="b">Iowa</subfield><subfield code="c">Scott</subfield><subfield code="d">Davenport.</subfield></datafield><datafield ind1=" " ind2=" " tag="752"><subfield code="a">United States</subfield><subfield code="b">Iowa</subfield><subfield code="c">Scott</subfield><subfield code="d">Bettendorf.</subfield></datafield><datafield ind1="0" ind2="4" tag="780"><subfield code="t">Daily times (Davenport, Iowa)</subfield><subfield code="w">(DLC)sn 82015304</subfield></datafield><datafield ind1="0" ind2="4" tag="780"><subfield code="t">Morning Democrat (Davenport, Iowa : 1951)</subfield><subfield code="w">(DLC)sn 87058172</subfield></datafield><datafield ind1="0" ind2="0" tag="785"><subfield code="t">Quad-Cities times Democrat</subfield><subfield code="w">(DLC)sn 87058175</subfield></datafield></record>